<record><leader>00000cas a22000007a 4500</leader><controlfield tag="001">10215347</controlfield><controlfield tag="008">831213d18461847mauwr ne      0    0eng d</controlfield><datafield ind1=" " ind2=" " tag="010"><subfield code="a">sn 83021514 </subfield></datafield><datafield ind1=" " ind2=" " tag="040"><subfield code="a">NPX</subfield><subfield code="b">eng</subfield><subfield code="c">NPX</subfield><subfield code="d">MGN</subfield><subfield code="d">NVK</subfield><subfield code="d">OCL</subfield><subfield code="d">OCLCG</subfield><subfield code="d">DLC</subfield><subfield code="d">OCLCF</subfield><subfield code="d">OCLCO</subfield></datafield><datafield ind1=" " ind2=" " tag="042"><subfield code="a">msc</subfield></datafield><datafield ind1="0" ind2=" " tag="130"><subfield code="a">Bostonian (Boston, Mass. : 1846)</subfield></datafield><datafield ind1="0" ind2="4" tag="245"><subfield code="a">The Bostonian.</subfield></datafield><datafield ind1="0" ind2="7" tag="246"><subfield code="a">Home journal and weekly Bostonian</subfield></datafield><datafield ind1=" " ind2=" " tag="260"><subfield code="a">Boston [Mass.] :</subfield><subfield code="b">Page &amp; Davis,</subfield><subfield code="c">1846-1847.</subfield></datafield><datafield ind1=" " ind2=" " tag="300"><subfield code="a">v. :</subfield><subfield code="b">ill. ;</subfield><subfield code="c">68 cm.</subfield></datafield><datafield ind1=" " ind2=" " tag="310"><subfield code="a">Weekly</subfield></datafield><datafield ind1="0" ind2=" " tag="362"><subfield code="a">Vol. 1, no. 1 (Nov. 14, 1846)-v. 2, no. 23 (June 5, 1847).</subfield></datafield><datafield ind1=" " ind2=" " tag="500"><subfield code="a">Edited by Jonathan Falconbridge Kelly, who wrote under the name Falconbridge.</subfield></datafield><datafield ind1=" " ind2=" " tag="500"><subfield code="a">Publisher: Warren W. Page, 1846-1847.</subfield></datafield><datafield ind1=" " ind2="0" tag="651"><subfield code="a">Boston (Mass.)</subfield><subfield code="v">Newspapers.</subfield></datafield><datafield ind1=" " ind2="7" tag="655"><subfield code="a">Newspapers.</subfield><subfield code="2">fast</subfield><subfield code="0">(OCoLC)fst01423814</subfield></datafield><datafield ind1=" " ind2="7" tag="651"><subfield code="a">Massachusetts</subfield><subfield code="z">Boston.</subfield><subfield code="2">fast</subfield><subfield code="0">(OCoLC)fst01205012</subfield></datafield><datafield ind1="0" ind2=" " tag="700"><subfield code="a">Falconbridge,</subfield><subfield code="d">1818-1854.</subfield></datafield><datafield ind1=" " ind2=" " tag="752"><subfield code="a">United States</subfield><subfield code="b">Massachusetts</subfield><subfield code="c">Suffolk</subfield><subfield code="d">Boston.</subfield></datafield><datafield ind1="0" ind2="4" tag="785"><subfield code="t">Flag of our Union (Boston, Mass.)</subfield><subfield code="x">2160-7877</subfield><subfield code="w">(DLC)sn 85036056</subfield><subfield code="w">(OCoLC)1303775</subfield></datafield></record>